<?xml version="1.0" encoding="UTF-8"?>
<zs:searchRetrieveResponse xmlns:zs="http://www.loc.gov/zing/srw/">
  <zs:version>1.1</zs:version>
  <zs:numberOfRecords>4</zs:numberOfRecords>
  <zs:records>
    <zs:record>
      <zs:recordSchema/>
      <zs:recordPacking>xml</zs:recordPacking>
      <zs:recordData>
        <record xmlns="http://www.loc.gov/MARC21/slim">
          <leader>01797cam a22003131  4500</leader>
          <controlfield tag="001">3581883</controlfield>
          <controlfield tag="005">20100719124304.0</controlfield>
          <controlfield tag="008">830920s1943    ilu      d    000 0 eng  </controlfield>
          <datafield tag="035" ind1=" " ind2=" ">
            <subfield code="9">(DLC)   43051260</subfield>
          </datafield>
          <datafield tag="906" ind1=" " ind2=" ">
            <subfield code="a">7</subfield>
            <subfield code="b">cbc</subfield>
            <subfield code="c">orignew</subfield>
            <subfield code="d">u</subfield>
            <subfield code="e">ocip</subfield>
            <subfield code="f">19</subfield>
            <subfield code="g">y-gencatlg</subfield>
          </datafield>
          <datafield tag="955" ind1=" " ind2=" ">
            <subfield code="e">CatRefProj bd08 2009-09-15</subfield>
            <subfield code="e">CatRefProj he09 2010-01-06</subfield>
            <subfield code="e">CatRefProj hh14 2010-05-25</subfield>
            <subfield code="g">ff05 2010-07-14 CatRefProj updated</subfield>
            <subfield code="e">CatRefProj he09 2010-07-19</subfield>
          </datafield>
          <datafield tag="010" ind1=" " ind2=" ">
            <subfield code="a">   43051260 </subfield>
          </datafield>
          <datafield tag="040" ind1=" " ind2=" ">
            <subfield code="a">DLC/ICU</subfield>
            <subfield code="c">ICU</subfield>
            <subfield code="d">DLC</subfield>
          </datafield>
          <datafield tag="050" ind1="0" ind2="0">
            <subfield code="a">Z1006</subfield>
            <subfield code="b">.A5</subfield>
          </datafield>
          <datafield tag="082" ind1="0" ind2="0">
            <subfield code="a">020.3</subfield>
          </datafield>
          <datafield tag="110" ind1="2" ind2=" ">
            <subfield code="a">American Library Association.</subfield>
            <subfield code="b">Committee on library terminology.</subfield>
          </datafield>
          <datafield tag="245" ind1="1" ind2="0">
            <subfield code="a">A.L.A. glossary of library terms,</subfield>
            <subfield code="b">with a selection of terms in related fields,</subfield>
            <subfield code="c">prepared under the direction of the Committee on library terminology of the American Library Association by Elizabeth H. Thompson.</subfield>
          </datafield>
          <datafield tag="260" ind1=" " ind2=" ">
            <subfield code="a">Chicago, Ill.,</subfield>
            <subfield code="b">American library association,</subfield>
            <subfield code="c">1943.</subfield>
          </datafield>
          <datafield tag="300" ind1=" " ind2=" ">
            <subfield code="a">viii, 159, [1] p.</subfield>
            <subfield code="c">25 cm.</subfield>
          </datafield>
          <datafield tag="650" ind1=" " ind2="0">
            <subfield code="a">Library science</subfield>
            <subfield code="x">Dictionaries.</subfield>
          </datafield>
          <datafield tag="700" ind1="1" ind2=" ">
            <subfield code="a">Thompson, Elizabeth H.</subfield>
            <subfield code="q">(Elizabeth Hardy),</subfield>
            <subfield code="d">1885-</subfield>
            <subfield code="e">ed.</subfield>
          </datafield>
          <datafield tag="991" ind1=" " ind2=" ">
            <subfield code="b">c-GenColl</subfield>
            <subfield code="h">Z1006</subfield>
            <subfield code="i">.A5</subfield>
            <subfield code="t">Copy 1</subfield>
            <subfield code="w">BOOKS</subfield>
          </datafield>
          <datafield tag="991" ind1=" " ind2=" ">
            <subfield code="b">c-GenColl</subfield>
            <subfield code="h">Z1006</subfield>
            <subfield code="i">.A5</subfield>
            <subfield code="p">00002052763</subfield>
            <subfield code="t">Copy 24</subfield>
            <subfield code="w">CCF</subfield>
          </datafield>
          <datafield tag="991" ind1=" " ind2=" ">
            <subfield code="b">c-GenColl</subfield>
            <subfield code="h">Z1006</subfield>
            <subfield code="i">.A5</subfield>
            <subfield code="p">00002052751</subfield>
            <subfield code="t">Copy 50</subfield>
            <subfield code="w">CCF</subfield>
          </datafield>
          <datafield tag="991" ind1=" " ind2=" ">
            <subfield code="b">r-CatRef</subfield>
            <subfield code="h">Z1006</subfield>
            <subfield code="i">.A5 c. 54</subfield>
            <subfield code="t">Copy C</subfield>
            <subfield code="m">GenIntl (LM533)</subfield>
            <subfield code="z">CatRef has: c. 32 assgd to Serials</subfield>
            <subfield code="w">GenBib bi 95-007107</subfield>
          </datafield>
          <datafield tag="991" ind1=" " ind2=" ">
            <subfield code="b">r-CatRef</subfield>
            <subfield code="h">Z1006</subfield>
            <subfield code="i">.A5 c. 55</subfield>
            <subfield code="t">Copy C</subfield>
            <subfield code="m">ChiefRCCD (LM535)</subfield>
            <subfield code="z">Item missing from coll 10/7/82</subfield>
            <subfield code="w">GenBib bi 95-022882</subfield>
          </datafield>
          <datafield tag="991" ind1=" " ind2=" ">
            <subfield code="b">r-CatRef</subfield>
            <subfield code="h">Z1006</subfield>
            <subfield code="i">.A5 c. 56</subfield>
            <subfield code="t">Copy C</subfield>
            <subfield code="m">GenIntl (LM533)</subfield>
            <subfield code="z">CatRef has: x-copy in U.S. (in Misc. lang. sect)</subfield>
            <subfield code="w">GenBib bi 95-007108</subfield>
          </datafield>
          <datafield tag="991" ind1=" " ind2=" ">
            <subfield code="b">r-CatRef</subfield>
            <subfield code="h">Z1006</subfield>
            <subfield code="i">.A5</subfield>
            <subfield code="t">Copy 57</subfield>
            <subfield code="m">USAN Rare</subfield>
          </datafield>
          <datafield tag="991" ind1=" " ind2=" ">
            <subfield code="b">r-CatRef</subfield>
            <subfield code="h">Z1006</subfield>
            <subfield code="i">.A5</subfield>
            <subfield code="m">ChiRCCD (LM534)</subfield>
            <subfield code="z">Cat Ref has: Copy 42, C. 28, Chief DCD; C. 41, Bibl.; C. 2 OF.</subfield>
            <subfield code="w">GenBib bi 95-023717</subfield>
          </datafield>
        </record>
      </zs:recordData>
      <zs:recordPosition>1</zs:recordPosition>
    </zs:record>