
    <zs:record>
      <zs:recordSchema/>
      <zs:recordPacking>xml</zs:recordPacking>
      <zs:recordData>
        <record xmlns="http://www.loc.gov/MARC21/slim">
          <leader>01494cam a22003377a 4500</leader>
          <controlfield tag="001">11974193</controlfield>
          <controlfield tag="005">20010806140249.0</controlfield>
          <controlfield tag="008">000413s2000    vtua          001 0 eng d</controlfield>
          <datafield tag="035" ind1=" " ind2=" ">
            <subfield code="a">(DLC)11974193</subfield>
          </datafield>
          <datafield tag="906" ind1=" " ind2=" ">
            <subfield code="a">7</subfield>
            <subfield code="b">cbc</subfield>
            <subfield code="c">copycat</subfield>
            <subfield code="d">3</subfield>
            <subfield code="e">ncip</subfield>
            <subfield code="f">20</subfield>
            <subfield code="g">y-gencatlg</subfield>
          </datafield>
          <datafield tag="925" ind1="0" ind2=" ">
            <subfield code="a">acquire</subfield>
            <subfield code="b">1 shelf copy</subfield>
            <subfield code="x">policy default</subfield>
          </datafield>
          <datafield tag="955" ind1=" " ind2=" ">
            <subfield code="a">marcadia import</subfield>
            <subfield code="i">jv08 2001-07-30</subfield>
            <subfield code="e">jv05 2001-07-30 to Dewey</subfield>
            <subfield code="a">aa03 2001-08-06</subfield>
          </datafield>
          <datafield tag="010" ind1=" " ind2=" ">
            <subfield code="a">   00103493 </subfield>
          </datafield>
          <datafield tag="020" ind1=" " ind2=" ">
            <subfield code="a">158465077X</subfield>
          </datafield>
          <datafield tag="040" ind1=" " ind2=" ">
            <subfield code="a">NNF</subfield>
            <subfield code="c">NNF</subfield>
            <subfield code="d">*BOH*</subfield>
            <subfield code="d">CStRLIN</subfield>
            <subfield code="d">DLC</subfield>
          </datafield>
          <datafield tag="042" ind1=" " ind2=" ">
            <subfield code="a">lccopycat</subfield>
          </datafield>
          <datafield tag="043" ind1=" " ind2=" ">
            <subfield code="a">n-us-vt</subfield>
          </datafield>
          <datafield tag="050" ind1="0" ind2="0">
            <subfield code="a">QH105.V7</subfield>
            <subfield code="b">T38 2000</subfield>
          </datafield>
          <datafield tag="082" ind1="0" ind2="0">
            <subfield code="a">508.743</subfield>
            <subfield code="2">21</subfield>
          </datafield>
          <datafield tag="100" ind1="1" ind2=" ">
            <subfield code="a">Thompson, Elizabeth H.</subfield>
          </datafield>
          <datafield tag="245" ind1="1" ind2="0">
            <subfield code="a">Wetland, woodland, wildland :</subfield>
            <subfield code="b">a guide to the natural communities of Vermont /</subfield>
            <subfield code="c">Elizabeth H. Thompson and Eric R. Sorenson ; illustrated by Libby Davidson, Betsy Brigham, and Darien McElwain.</subfield>
          </datafield>
          <datafield tag="260" ind1=" " ind2=" ">
            <subfield code="a">[Montpelier, Vt.] :</subfield>
            <subfield code="b">Vermont Dept. of Fish and Wildlife and the Nature Conservancy ;</subfield>
            <subfield code="a">Hanover, NH :</subfield>
            <subfield code="b">Distributed by University Press of New England,</subfield>
            <subfield code="c">c2000.</subfield>
          </datafield>
          <datafield tag="300" ind1=" " ind2=" ">
            <subfield code="a">xi, 456 p. :</subfield>
            <subfield code="b">ill. (some col.), maps ;</subfield>
            <subfield code="c">23 cm.</subfield>
          </datafield>
          <datafield tag="440" ind1=" " ind2="0">
            <subfield code="a">Middlebury bicentennial series in environmental studies</subfield>
          </datafield>
          <datafield tag="504" ind1=" " ind2=" ">
            <subfield code="a">Includes bibliographical references (p. 387-394) and index.</subfield>
          </datafield>
          <datafield tag="650" ind1=" " ind2="0">
            <subfield code="a">Biotic communities</subfield>
            <subfield code="z">Vermont.</subfield>
          </datafield>
          <datafield tag="650" ind1=" " ind2="0">
            <subfield code="a">Natural history</subfield>
            <subfield code="z">Vermont.</subfield>
          </datafield>
          <datafield tag="651" ind1=" " ind2="0">
            <subfield code="a">Vermont</subfield>
            <subfield code="x">Environmental conditions.</subfield>
          </datafield>
          <datafield tag="700" ind1="1" ind2=" ">
            <subfield code="a">Sorenson, Eric R.</subfield>
          </datafield>
          <datafield tag="955" ind1=" " ind2=" ">
            <subfield code="a">pc16 04-13-00; 2 copies to ASCD pb08 12-15-00; jb00 12-19-00</subfield>
          </datafield>
          <datafield tag="985" ind1=" " ind2=" ">
            <subfield code="a">rlin</subfield>
            <subfield code="c">rlin</subfield>
            <subfield code="e">marcadia</subfield>
          </datafield>
        </record>
      </zs:recordData>
      <zs:recordPosition>2</zs:recordPosition>
    </zs:record>